<?xml version="1.0" encoding="UTF-8"?>
<collection xmlns:xsi="http://www.w3.org/2001/XMLSchema-instance" xsi:schemaLocation="http://www.loc.gov/MARC21/slim http://www.loc.gov/standards/marcxml/schema/MARC21slim.xsd" xmlns="http://www.loc.gov/MARC21/slim">
<record>
  <leader>00917cam a2200265 a 4500</leader>
  <controlfield tag="001">3073618</controlfield>
  <controlfield tag="003">NNC</controlfield>
  <controlfield tag="005">20151221160447.0</controlfield>
  <controlfield tag="008">920309s1963    iq       d    000 0 arard</controlfield>
  <datafield tag="035" ind1=" " ind2=" ">
    <subfield code="a">(OCoLC)ocm25416744</subfield>
  </datafield>
  <datafield tag="035" ind1=" " ind2=" ">
    <subfield code="9">ATP6750CU</subfield>
  </datafield>
  <datafield tag="035" ind1=" " ind2=" ">
    <subfield code="a">(NNC)3073618</subfield>
  </datafield>
  <datafield tag="040" ind1=" " ind2=" ">
    <subfield code="a">DGU</subfield>
    <subfield code="c">DGU</subfield>
    <subfield code="d">ZCU</subfield>
  </datafield>
  <datafield tag="041" ind1="0" ind2=" ">
    <subfield code="a">engara</subfield>
  </datafield>
  <datafield tag="099" ind1=" " ind2=" ">
    <subfield code="a">893.73</subfield>
    <subfield code="a">W125</subfield>
  </datafield>
  <datafield tag="100" ind1="1" ind2=" ">
    <subfield code="a">Wahab, Ibrahim Ismail,</subfield>
    <subfield code="d">1928-</subfield>
  </datafield>
  <datafield tag="245" ind1="1" ind2="0">
    <subfield code="a">Law dictionary, English-Arabic :</subfield>
    <subfield code="b">civil, criminal, administrative, commercial, international /</subfield>
    <subfield code="c">by Ibrahim I. al-Wahab.</subfield>
  </datafield>
  <datafield tag="250" ind1=" " ind2=" ">
    <subfield code="a">1st ed.</subfield>
  </datafield>
  <datafield tag="260" ind1=" " ind2=" ">
    <subfield code="a">Baghdad, Iraq :</subfield>
    <subfield code="b">The National Printing &amp; Publishing Co.,</subfield>
    <subfield code="c">1963.</subfield>
  </datafield>
  <datafield tag="300" ind1=" " ind2=" ">
    <subfield code="a">368 p. ;</subfield>
    <subfield code="c">23 cm.</subfield>
  </datafield>
  <datafield tag="500" ind1=" " ind2=" ">
    <subfield code="a">Title on added t.p. : al-Qāmūs al-qānūnī, Inkilīzī-ʻArabī.</subfield>
  </datafield>
  <datafield tag="650" ind1=" " ind2="0">
    <subfield code="a">Law</subfield>
    <subfield code="v">Dictionaries.</subfield>
  </datafield>
  <datafield tag="650" ind1=" " ind2="0">
    <subfield code="a">English language</subfield>
    <subfield code="v">Dictionaries</subfield>
    <subfield code="x">Arabic.</subfield>
  </datafield>
  <datafield tag="740" ind1="3" ind2=" ">
    <subfield code="a">al-Qāmūs al-qānūnī, Inkilīzī-ʻArabī.</subfield>
  </datafield>
  <datafield tag="955" ind1=" " ind2=" ">
    <subfield code="b">0111711752</subfield>
    <subfield code="d">glx</subfield>
    <subfield code="e">893.73 W125</subfield>
  </datafield>
</record>
</collection>